<?xml version="1.0" encoding="UTF-8" standalone="no"?><searchRetrieveResponse xmlns="http://www.loc.gov/zing/srw/">
  <version>1.2</version>
  <numberOfRecords>355</numberOfRecords>
  <records>
    <record>
      <recordSchema>marcxml</recordSchema>
      <recordPacking>xml</recordPacking>
      <recordData>
        <record xmlns="http://www.loc.gov/MARC21/slim">
          <leader>01058nam  2200301u  4500</leader>
          <controlfield tag="001">995428070101471</controlfield>
          <controlfield tag="005">20210317001835.0</controlfield>
          <controlfield tag="008">841214s1971    ne |||| |     000|0 dut c</controlfield>
          <datafield ind1=" " ind2=" " tag="020">
            <subfield code="a">9024640822</subfield>
          </datafield>
          <datafield ind1=" " ind2=" " tag="035">
            <subfield code="a">(BeLVLBS)000542807LBS01-Aleph</subfield>
          </datafield>
          <datafield ind1=" " ind2=" " tag="035">
            <subfield code="a">1272107</subfield>
          </datafield>
          <datafield ind1=" " ind2=" " tag="035">
            <subfield code="a">KHL204432</subfield>
          </datafield>
          <datafield ind1=" " ind2=" " tag="040">
            <subfield code="a">BeLVLBS</subfield>
            <subfield code="b">Language of cataloging varies</subfield>
            <subfield code="e">rda based</subfield>
          </datafield>
          <datafield ind1="0" ind2="0" tag="245">
            <subfield code="a">4 dagen, 40 uur</subfield>
            <subfield code="b">rapport over een revolutie op het gebied van arbeid en vrije tijd /</subfield>
            <subfield code="c">onder red. van Riva Poor ; voorwoord van Paul A. Samuelson</subfield>
          </datafield>
          <datafield ind1=" " ind2=" " tag="260">
            <subfield code="a">Baarn</subfield>
            <subfield code="b">Bosch en Keuning</subfield>
            <subfield code="c">1971</subfield>
          </datafield>
          <datafield ind1=" " ind2=" " tag="300">
            <subfield code="a">192 p.</subfield>
          </datafield>
          <datafield ind1=" " ind2=" " tag="336">
            <subfield code="a">text</subfield>
            <subfield code="2">rdacontent</subfield>
          </datafield>
          <datafield ind1=" " ind2=" " tag="337">
            <subfield code="a">unmediated</subfield>
            <subfield code="2">rdamedia</subfield>
          </datafield>
          <datafield ind1=" " ind2=" " tag="338">
            <subfield code="a">volume</subfield>
            <subfield code="2">rdacarrier</subfield>
          </datafield>
          <datafield ind1=" " ind2=" " tag="534">
            <subfield code="a">4 days, 40 hours</subfield>
          </datafield>
          <datafield ind1=" " ind2="7" tag="650">
            <subfield code="2">UDC</subfield>
            <subfield code="a">331.31</subfield>
            <subfield code="x">Arbeidsduur. Arbeidstijd. Werktijden</subfield>
          </datafield>
          <datafield ind1=" " ind2="7" tag="650">
            <subfield code="2">UCLL</subfield>
            <subfield code="a">arbeidsduurvermindering</subfield>
            <subfield code="x">331.8</subfield>
            <subfield code="e">TSS</subfield>
          </datafield>
          <datafield ind1=" " ind2="7" tag="650">
            <subfield code="2">UCLL</subfield>
            <subfield code="a">vrijetijdsbesteding</subfield>
            <subfield code="x">379</subfield>
            <subfield code="e">TSS</subfield>
          </datafield>
          <datafield ind1="1" ind2=" " tag="700">
            <subfield code="a">Poor, Riva</subfield>
            <subfield code="4">edt</subfield>
          </datafield>
          <datafield ind1="1" ind2=" " tag="700">
            <subfield code="a">Samuelson, Paul A..</subfield>
            <subfield code="4">apr</subfield>
          </datafield>
          <datafield ind1="1" ind2=" " tag="700">
            <subfield code="a">Schuursma, Rud.</subfield>
            <subfield code="4">trl</subfield>
          </datafield>
          <datafield ind1="1" ind2=" " tag="700">
            <subfield code="a">de Vries, J.P.</subfield>
            <subfield code="4">trl</subfield>
          </datafield>
          <datafield ind1=" " ind2=" " tag="998">
            <subfield code="a">LBS01</subfield>
            <subfield code="b">bib_200501.mrc.2.af</subfield>
          </datafield>
        </record>
      </recordData>
      <recordIdentifier>995428070101471</recordIdentifier>
      <recordPosition>1</recordPosition>
    </record>