
    <record>
      <recordSchema>marcxml</recordSchema>
      <recordPacking>xml</recordPacking>
      <recordData>
        <record xmlns="http://www.loc.gov/MARC21/slim">
          <leader>00820nam  2200217u  4500</leader>
          <controlfield tag="001">997677470101471</controlfield>
          <controlfield tag="005">20210317034454.0</controlfield>
          <controlfield tag="008">860825s1972    xx |||| |     000|0 eng c</controlfield>
          <datafield ind1=" " ind2=" " tag="035">
            <subfield code="a">(BeLVLBS)000767747LBS01-Aleph</subfield>
          </datafield>
          <datafield ind1=" " ind2=" " tag="035">
            <subfield code="a">1891411</subfield>
          </datafield>
          <datafield ind1=" " ind2=" " tag="040">
            <subfield code="a">BeLVLBS</subfield>
            <subfield code="b">Language of cataloging varies</subfield>
            <subfield code="e">rda based</subfield>
          </datafield>
          <datafield ind1="0" ind2="0" tag="245">
            <subfield code="a">4 days, 40 hours : reporting a revolution in work and leisure /</subfield>
            <subfield code="c">Ed. by Riva Poor ; forew. by Paul A. Samuelson ; spec. rev. for the British ed. with a follow-up report by Riva Poor and new material prep. by Theo Richmond</subfield>
          </datafield>
          <datafield ind1=" " ind2=" " tag="260">
            <subfield code="a">London</subfield>
            <subfield code="b">Pan</subfield>
            <subfield code="c">1972</subfield>
          </datafield>
          <datafield ind1=" " ind2=" " tag="300">
            <subfield code="a">XVII, 298 p.</subfield>
          </datafield>
          <datafield ind1=" " ind2=" " tag="336">
            <subfield code="a">text</subfield>
            <subfield code="2">rdacontent</subfield>
          </datafield>
          <datafield ind1=" " ind2=" " tag="337">
            <subfield code="a">unmediated</subfield>
            <subfield code="2">rdamedia</subfield>
          </datafield>
          <datafield ind1=" " ind2=" " tag="338">
            <subfield code="a">volume</subfield>
            <subfield code="2">rdacarrier</subfield>
          </datafield>
          <datafield ind1="1" ind2=" " tag="490">
            <subfield code="a">Pan books</subfield>
          </datafield>
          <datafield ind1="1" ind2=" " tag="700">
            <subfield code="a">Poor, Riva</subfield>
            <subfield code="4">edt</subfield>
          </datafield>
          <datafield ind1="1" ind2=" " tag="700">
            <subfield code="a">Samuelson, Paul A..</subfield>
            <subfield code="4">oth</subfield>
          </datafield>
          <datafield ind1=" " ind2=" " tag="998">
            <subfield code="a">LBS01</subfield>
            <subfield code="b">bib_200501.mrc.2.ah</subfield>
          </datafield>
        </record>
      </recordData>
      <recordIdentifier>997677470101471</recordIdentifier>
      <recordPosition>2</recordPosition>
    </record>