
    <record>
      <recordSchema>marcxml</recordSchema>
      <recordPacking>xml</recordPacking>
      <recordData>
        <record xmlns="http://www.loc.gov/MARC21/slim">
          <leader>01163naa  2200253u  4500</leader>
          <controlfield tag="001">9933482940101471</controlfield>
          <controlfield tag="005">20210316111716.0</controlfield>
          <controlfield tag="008">930517s1993    xx a         0000|0 eng c</controlfield>
          <datafield ind1=" " ind2=" " tag="035">
            <subfield code="a">(BeLVLBS)003348294LBS01-Aleph</subfield>
          </datafield>
          <datafield ind1=" " ind2=" " tag="035">
            <subfield code="a">NBB-000153663</subfield>
          </datafield>
          <datafield ind1=" " ind2=" " tag="040">
            <subfield code="a">BeLVLBS</subfield>
            <subfield code="b">Language of cataloging varies</subfield>
            <subfield code="e">rda based</subfield>
          </datafield>
          <datafield ind1="0" ind2="4" tag="245">
            <subfield code="a">The American economy</subfield>
            <subfield code="b">before and after the election</subfield>
          </datafield>
          <datafield ind1=" " ind2=" " tag="336">
            <subfield code="a">text</subfield>
            <subfield code="2">rdacontent</subfield>
          </datafield>
          <datafield ind1=" " ind2=" " tag="337">
            <subfield code="a">unmediated</subfield>
            <subfield code="2">rdamedia</subfield>
          </datafield>
          <datafield ind1=" " ind2=" " tag="338">
            <subfield code="a">volume</subfield>
            <subfield code="2">rdacarrier</subfield>
          </datafield>
          <datafield ind1=" " ind2="6" tag="653">
            <subfield code="a">Articles</subfield>
          </datafield>
          <datafield ind1=" " ind2="7" tag="650">
            <subfield code="2">NBB</subfield>
            <subfield code="a">US / United States of America - USA - Verenigde Staten - Etats Unis</subfield>
            <subfield code="9">geo code ISO</subfield>
          </datafield>
          <datafield ind1=" " ind2="7" tag="650">
            <subfield code="2">NBB</subfield>
            <subfield code="a">331.31</subfield>
            <subfield code="x">Economisch beleid</subfield>
            <subfield code="y">Politique économique</subfield>
            <subfield code="z">Economic policy</subfield>
            <subfield code="9">SUB</subfield>
          </datafield>
          <datafield ind1=" " ind2="7" tag="650">
            <subfield code="2">NBB</subfield>
            <subfield code="a">336.61</subfield>
            <subfield code="x">Financieel beleid</subfield>
            <subfield code="y">Politique financière. vie économique</subfield>
            <subfield code="z">Financial policy</subfield>
            <subfield code="9">SUB</subfield>
          </datafield>
          <datafield ind1=" " ind2="7" tag="650">
            <subfield code="2">NBB</subfield>
            <subfield code="a">336.401</subfield>
            <subfield code="x">Verband tussen begrotingspolitiek en economische evolutie</subfield>
            <subfield code="y">Politique budgétaire dans ses relations avec l'évolution économique</subfield>
            <subfield code="z">Relationship between budgetary policy and economic development</subfield>
            <subfield code="9">SUB</subfield>
          </datafield>
          <datafield ind1="1" ind2=" " tag="700">
            <subfield code="a">Samuelson, Paul A..</subfield>
            <subfield code="4">aut</subfield>
          </datafield>
          <datafield ind1="0" ind2=" " tag="773">
            <subfield code="g">Vol. 36, No 2, March-April 1993, p. 19-21</subfield>
          </datafield>
          <datafield ind1=" " ind2=" " tag="900">
            <subfield code="a">TO BE EXAMINED</subfield>
          </datafield>
          <datafield ind1=" " ind2=" " tag="996">
            <subfield code="a">NBWBS</subfield>
          </datafield>
        </record>
      </recordData>
      <recordIdentifier>9933482940101471</recordIdentifier>
      <recordPosition>3</recordPosition>
    </record>