
    <record>
      <recordSchema>marcxml</recordSchema>
      <recordPacking>xml</recordPacking>
      <recordData>
        <record xmlns="http://www.loc.gov/MARC21/slim">
          <leader>00362cam-a2200133z--4500</leader>
          <controlfield tag="001">9992328543101471</controlfield>
          <controlfield tag="005">20200818202314.0</controlfield>
          <controlfield tag="008">121017u1989uuuuuuuuu-|-o----u|----|eng-d</controlfield>
          <datafield ind1=" " ind2=" " tag="020">
            <subfield code="a">0-585-09270-2</subfield>
          </datafield>
          <datafield ind1=" " ind2=" " tag="035">
            <subfield code="a">(CKB)111004365725546</subfield>
          </datafield>
          <datafield ind1=" " ind2=" " tag="035">
            <subfield code="a">(EXLCZ)99111004365725546</subfield>
          </datafield>
          <datafield ind1="1" ind2=" " tag="100">
            <subfield code="a">Samuelson, Norbert M.,</subfield>
            <subfield code="d">1936-</subfield>
          </datafield>
          <datafield ind1=" " ind2=" " tag="245">
            <subfield code="a">An Introduction to Modern Jewish Philosophy</subfield>
          </datafield>
          <datafield ind1=" " ind2=" " tag="776">
            <subfield code="z">0-88706-960-6</subfield>
          </datafield>
          <datafield ind1=" " ind2=" " tag="906">
            <subfield code="a">BOOK</subfield>
          </datafield>
        </record>
      </recordData>
      <recordIdentifier>9992328543101471</recordIdentifier>
      <recordPosition>4</recordPosition>
    </record>