
    <record>
      <recordSchema>marcxml</recordSchema>
      <recordPacking>xml</recordPacking>
      <recordData>
        <record xmlns="http://www.loc.gov/MARC21/slim">
          <leader>00941nam a2200265 u 4500</leader>
          <controlfield tag="001">9979965390101471</controlfield>
          <controlfield tag="005">20210317095533.0</controlfield>
          <controlfield tag="008">110307s2010    xxk     |     000 0 eng c</controlfield>
          <datafield ind1=" " ind2=" " tag="020">
            <subfield code="a">978-0-415-47321-7</subfield>
            <subfield code="c">hardback</subfield>
          </datafield>
          <datafield ind1=" " ind2=" " tag="035">
            <subfield code="a">(BeLVLBS)007996539LBS01-Aleph</subfield>
          </datafield>
          <datafield ind1=" " ind2=" " tag="035">
            <subfield code="a">LOC-2010002184</subfield>
          </datafield>
          <datafield ind1=" " ind2=" " tag="040">
            <subfield code="a">BeLVLBS</subfield>
            <subfield code="b">Language of cataloging varies</subfield>
            <subfield code="e">rda based</subfield>
          </datafield>
          <datafield ind1="0" ind2="4" tag="245">
            <subfield code="a">The analysis of linear economic systems</subfield>
            <subfield code="b">Father Maurice Potron's pioneering works.</subfield>
          </datafield>
          <datafield ind1=" " ind2=" " tag="260">
            <subfield code="a">Abingdon</subfield>
            <subfield code="b">Routledge</subfield>
            <subfield code="c">2010</subfield>
          </datafield>
          <datafield ind1=" " ind2=" " tag="300">
            <subfield code="a">XIX, 265 p.</subfield>
            <subfield code="b">ill.</subfield>
          </datafield>
          <datafield ind1=" " ind2=" " tag="336">
            <subfield code="a">text</subfield>
            <subfield code="2">rdacontent</subfield>
          </datafield>
          <datafield ind1=" " ind2=" " tag="337">
            <subfield code="a">unmediated</subfield>
            <subfield code="2">rdamedia</subfield>
          </datafield>
          <datafield ind1=" " ind2=" " tag="338">
            <subfield code="a">volume</subfield>
            <subfield code="2">rdacarrier</subfield>
          </datafield>
          <datafield ind1="1" ind2="0" tag="600">
            <subfield code="a">Potron, M.</subfield>
            <subfield code="q">(Maurice),</subfield>
            <subfield code="d">1872-</subfield>
          </datafield>
          <datafield ind1=" " ind2="0" tag="650">
            <subfield code="a">Economics, Mathematical</subfield>
          </datafield>
          <datafield ind1=" " ind2="0" tag="650">
            <subfield code="a">Economics</subfield>
            <subfield code="x">Mathematical models</subfield>
          </datafield>
          <datafield ind1=" " ind2="7" tag="650">
            <subfield code="2">UDC</subfield>
            <subfield code="a">330.105</subfield>
            <subfield code="x">Wiskundige economie. Wiskundige methoden in de economie</subfield>
          </datafield>
          <datafield ind1="1" ind2=" " tag="700">
            <subfield code="a">Bidard, Christian</subfield>
            <subfield code="4">edt</subfield>
          </datafield>
          <datafield ind1="1" ind2=" " tag="700">
            <subfield code="a">Erreygers, Guido</subfield>
            <subfield code="4">edt</subfield>
          </datafield>
          <datafield ind1="1" ind2=" " tag="700">
            <subfield code="a">Samuelson, Paul A..</subfield>
            <subfield code="4">apr</subfield>
          </datafield>
        </record>
      </recordData>
      <recordIdentifier>9979965390101471</recordIdentifier>
      <recordPosition>5</recordPosition>
    </record>