
    <record>
      <recordSchema>marcxml</recordSchema>
      <recordPacking>xml</recordPacking>
      <recordData>
        <record xmlns="http://www.loc.gov/MARC21/slim">
          <leader>01635njm a2200517 u 4500</leader>
          <controlfield tag="001">9977356590101471</controlfield>
          <controlfield tag="005">20210315223450.0</controlfield>
          <controlfield tag="008">101012s1985       nnn  |      nn n swe c</controlfield>
          <datafield ind1="5" ind2="0" tag="028">
            <subfield code="a">CAP 22016:1-2</subfield>
          </datafield>
          <datafield ind1=" " ind2=" " tag="035">
            <subfield code="a">(BeLVLBS)007735659LBS01-Aleph</subfield>
          </datafield>
          <datafield ind1=" " ind2=" " tag="040">
            <subfield code="a">BeLVLBS</subfield>
            <subfield code="b">Language of cataloging varies</subfield>
            <subfield code="e">rda based</subfield>
          </datafield>
          <datafield ind1="1" ind2=" " tag="100">
            <subfield code="a">Blomdahl, Karl-Birger</subfield>
            <subfield code="4">cmp</subfield>
          </datafield>
          <datafield ind1="1" ind2="0" tag="240">
            <subfield code="a">Aniara</subfield>
            <subfield code="f">1959</subfield>
          </datafield>
          <datafield ind1="0" ind2="0" tag="245">
            <subfield code="a">Aniara</subfield>
            <subfield code="b">Space Opera</subfield>
          </datafield>
          <datafield ind1=" " ind2=" " tag="260">
            <subfield code="a">Sweden</subfield>
            <subfield code="b">Caprice</subfield>
            <subfield code="c">1985</subfield>
          </datafield>
          <datafield ind1=" " ind2=" " tag="300">
            <subfield code="e">2 CDs</subfield>
          </datafield>
          <datafield ind1=" " ind2=" " tag="306">
            <subfield code="a">014118</subfield>
          </datafield>
          <datafield ind1=" " ind2=" " tag="336">
            <subfield code="a">performed music</subfield>
            <subfield code="2">rdacontent</subfield>
          </datafield>
          <datafield ind1=" " ind2=" " tag="337">
            <subfield code="a">audio</subfield>
            <subfield code="2">rdamedia</subfield>
          </datafield>
          <datafield ind1=" " ind2=" " tag="338">
            <subfield code="a">audio disc</subfield>
            <subfield code="2">rdacarrier</subfield>
          </datafield>
          <datafield ind1=" " ind2=" " tag="340">
            <subfield code="3">1</subfield>
            <subfield code="a">CD</subfield>
          </datafield>
          <datafield ind1="0" ind2=" " tag="505">
            <subfield code="a">7 parts</subfield>
          </datafield>
          <datafield ind1=" " ind2="6" tag="653">
            <subfield code="a">Music sound recording</subfield>
          </datafield>
          <datafield ind1=" " ind2="6" tag="653">
            <subfield code="a">Opera and music theatre</subfield>
          </datafield>
          <datafield ind1=" " ind2="7" tag="650">
            <subfield code="2">KUL</subfield>
            <subfield code="a">#LMAT</subfield>
            <subfield code="9">L01</subfield>
          </datafield>
          <datafield ind1=" " ind2="7" tag="650">
            <subfield code="2">KUL</subfield>
            <subfield code="a">#LMAT:cd</subfield>
            <subfield code="9">L01</subfield>
          </datafield>
          <datafield ind1="1" ind2=" " tag="700">
            <subfield code="a">Anderberg, Viveka</subfield>
            <subfield code="4">prf</subfield>
            <subfield code="e">soprano</subfield>
          </datafield>
          <datafield ind1="1" ind2=" " tag="700">
            <subfield code="a">Hoel, Lena</subfield>
            <subfield code="4">prf</subfield>
            <subfield code="e">soprano</subfield>
          </datafield>
          <datafield ind1="1" ind2=" " tag="700">
            <subfield code="a">Haugan, Björn</subfield>
            <subfield code="4">prf</subfield>
            <subfield code="e">tenor</subfield>
          </datafield>
          <datafield ind1="1" ind2=" " tag="700">
            <subfield code="a">Parkman, Stefan</subfield>
            <subfield code="4">prf</subfield>
            <subfield code="e">tenor</subfield>
          </datafield>
          <datafield ind1="1" ind2=" " tag="700">
            <subfield code="a">Sunnegardh, Thomas</subfield>
            <subfield code="4">prf</subfield>
            <subfield code="e">tenor</subfield>
          </datafield>
          <datafield ind1="1" ind2=" " tag="700">
            <subfield code="a">Saedén, Erik</subfield>
            <subfield code="4">prf</subfield>
            <subfield code="e">baritone</subfield>
          </datafield>
          <datafield ind1="1" ind2=" " tag="700">
            <subfield code="a">Samuelson, Mikael</subfield>
            <subfield code="4">prf</subfield>
            <subfield code="e">baritone</subfield>
          </datafield>
          <datafield ind1="1" ind2=" " tag="700">
            <subfield code="a">Arvidson, Jerker</subfield>
            <subfield code="4">prf</subfield>
            <subfield code="e">other</subfield>
          </datafield>
          <datafield ind1="1" ind2=" " tag="700">
            <subfield code="a">Saeden, Erik</subfield>
            <subfield code="4">dir</subfield>
          </datafield>
          <datafield ind1="1" ind2=" " tag="700">
            <subfield code="a">Hillerud, Jan-Ake</subfield>
            <subfield code="4">oth</subfield>
          </datafield>
          <datafield ind1="2" ind2=" " tag="710">
            <subfield code="a">The Radio Chorus Sveriges</subfield>
            <subfield code="4">prf</subfield>
          </datafield>
          <datafield ind1="2" ind2=" " tag="710">
            <subfield code="a">The Swedish Radio Symphony Orchestra</subfield>
            <subfield code="4">prf</subfield>
          </datafield>
          <datafield ind1="1" ind2=" " tag="700">
            <subfield code="a">Westerberg, Stig</subfield>
            <subfield code="4">cnd</subfield>
          </datafield>
          <datafield ind1="1" ind2=" " tag="700">
            <subfield code="a">Lindegren, Erik</subfield>
            <subfield code="4">lbt</subfield>
          </datafield>
          <datafield ind1=" " ind2=" " tag="948">
            <subfield code="a">voices soprano_voice</subfield>
            <subfield code="d">02</subfield>
          </datafield>
          <datafield ind1=" " ind2=" " tag="948">
            <subfield code="a">voices tenor_voice</subfield>
            <subfield code="d">03</subfield>
          </datafield>
          <datafield ind1=" " ind2=" " tag="948">
            <subfield code="a">voices baritone_voice</subfield>
            <subfield code="d">02</subfield>
          </datafield>
          <datafield ind1=" " ind2=" " tag="948">
            <subfield code="a">voices other_voice</subfield>
            <subfield code="d">01</subfield>
          </datafield>
          <datafield ind1=" " ind2=" " tag="948">
            <subfield code="a">ensembles symphonic_orch_ens</subfield>
          </datafield>
          <datafield ind1=" " ind2=" " tag="948">
            <subfield code="a">choruses mixed_chorus</subfield>
          </datafield>
        </record>
      </recordData>
      <recordIdentifier>9977356590101471</recordIdentifier>
      <recordPosition>6</recordPosition>
    </record>