
    <record>
      <recordSchema>marcxml</recordSchema>
      <recordPacking>xml</recordPacking>
      <recordData>
        <record xmlns="http://www.loc.gov/MARC21/slim">
          <leader>00772nam  2200229u  4500</leader>
          <controlfield tag="001">9934296720101471</controlfield>
          <controlfield tag="005">20210316104924.0</controlfield>
          <controlfield tag="008">920220s1978    xx |||| |     000|0 fre c</controlfield>
          <datafield ind1=" " ind2=" " tag="035">
            <subfield code="a">(BeLVLBS)003429672LBS01-Aleph</subfield>
          </datafield>
          <datafield ind1=" " ind2=" " tag="035">
            <subfield code="a">NBB-000034843</subfield>
          </datafield>
          <datafield ind1=" " ind2=" " tag="040">
            <subfield code="a">BeLVLBS</subfield>
            <subfield code="b">Language of cataloging varies</subfield>
            <subfield code="e">rda based</subfield>
          </datafield>
          <datafield ind1="0" ind2="0" tag="245">
            <subfield code="a">Après Keynes</subfield>
            <subfield code="b">5 grands économistes.</subfield>
          </datafield>
          <datafield ind1=" " ind2=" " tag="260">
            <subfield code="a">Paris</subfield>
            <subfield code="b">Editions d'Organisation</subfield>
            <subfield code="c">1978</subfield>
          </datafield>
          <datafield ind1=" " ind2=" " tag="300">
            <subfield code="a">292 p.</subfield>
          </datafield>
          <datafield ind1=" " ind2=" " tag="336">
            <subfield code="a">text</subfield>
            <subfield code="2">rdacontent</subfield>
          </datafield>
          <datafield ind1=" " ind2=" " tag="337">
            <subfield code="a">unmediated</subfield>
            <subfield code="2">rdamedia</subfield>
          </datafield>
          <datafield ind1=" " ind2=" " tag="338">
            <subfield code="a">volume</subfield>
            <subfield code="2">rdacarrier</subfield>
          </datafield>
          <datafield ind1=" " ind2="7" tag="650">
            <subfield code="2">NBB</subfield>
            <subfield code="a">AA / International- internationaal</subfield>
          </datafield>
          <datafield ind1=" " ind2="7" tag="650">
            <subfield code="2">NBB</subfield>
            <subfield code="a">08</subfield>
            <subfield code="x">Biografieën en memoires</subfield>
            <subfield code="y">Biographies et mémoires</subfield>
            <subfield code="z">Biographies and memoirs</subfield>
          </datafield>
          <datafield ind1="1" ind2=" " tag="700">
            <subfield code="a">Silk, L.</subfield>
            <subfield code="4">aut</subfield>
          </datafield>
          <datafield ind1="1" ind2=" " tag="700">
            <subfield code="a">Friedman, M.</subfield>
            <subfield code="4">oth</subfield>
          </datafield>
          <datafield ind1="1" ind2=" " tag="700">
            <subfield code="a">Samuelson, P.A.</subfield>
            <subfield code="4">oth</subfield>
          </datafield>
        </record>
      </recordData>
      <recordIdentifier>9934296720101471</recordIdentifier>
      <recordPosition>7</recordPosition>
    </record>