
    <record>
      <recordSchema>marcxml</recordSchema>
      <recordPacking>xml</recordPacking>
      <recordData>
        <record xmlns="http://www.loc.gov/MARC21/slim">
          <leader>01151nam a2200349u  4500</leader>
          <controlfield tag="001">9926894570101471</controlfield>
          <controlfield tag="005">20050926160221.0</controlfield>
          <controlfield tag="008">000331s1995    be |||| |     000|0 eng c</controlfield>
          <datafield ind1=" " ind2=" " tag="020">
            <subfield code="a">3-7913-1453-X</subfield>
          </datafield>
          <datafield ind1=" " ind2=" " tag="035">
            <subfield code="a">(BeLVLBS)002689457LBS01-Aleph</subfield>
          </datafield>
          <datafield ind1=" " ind2=" " tag="035">
            <subfield code="a">LOC-95006874</subfield>
          </datafield>
          <datafield ind1=" " ind2=" " tag="035">
            <subfield code="a">slucb-200-0967</subfield>
          </datafield>
          <datafield ind1=" " ind2=" " tag="040">
            <subfield code="a">BeLVLBS</subfield>
            <subfield code="b">Language of cataloging varies</subfield>
            <subfield code="e">rda based</subfield>
          </datafield>
          <datafield ind1="0" ind2="4" tag="245">
            <subfield code="a">The architecture of Bruce Goff 1904-1982</subfield>
            <subfield code="b">design for the continuos present.</subfield>
          </datafield>
          <datafield ind1=" " ind2=" " tag="260">
            <subfield code="a">Munich</subfield>
            <subfield code="b">Prestel</subfield>
            <subfield code="c">1995</subfield>
          </datafield>
          <datafield ind1=" " ind2=" " tag="300">
            <subfield code="a">119 p.</subfield>
            <subfield code="b">ill.</subfield>
          </datafield>
          <datafield ind1=" " ind2=" " tag="336">
            <subfield code="a">text</subfield>
            <subfield code="2">rdacontent</subfield>
          </datafield>
          <datafield ind1=" " ind2=" " tag="337">
            <subfield code="a">unmediated</subfield>
            <subfield code="2">rdamedia</subfield>
          </datafield>
          <datafield ind1=" " ind2=" " tag="338">
            <subfield code="a">volume</subfield>
            <subfield code="2">rdacarrier</subfield>
          </datafield>
          <datafield ind1="1" ind2="0" tag="600">
            <subfield code="a">Goff, Bruce,</subfield>
            <subfield code="d">1904-</subfield>
            <subfield code="v">Exhibitions.</subfield>
          </datafield>
          <datafield ind1=" " ind2="0" tag="650">
            <subfield code="a">Architecture</subfield>
            <subfield code="x">History</subfield>
            <subfield code="y">20th century</subfield>
            <subfield code="z">United States</subfield>
            <subfield code="v">Exhibitions.</subfield>
          </datafield>
          <datafield ind1=" " ind2="7" tag="650">
            <subfield code="2">SLUCB</subfield>
            <subfield code="a">Goff, Bruce</subfield>
            <subfield code="9">persoon</subfield>
          </datafield>
          <datafield ind1="1" ind2=" " tag="700">
            <subfield code="a">De Long, David G.</subfield>
            <subfield code="4">aut</subfield>
          </datafield>
          <datafield ind1="1" ind2=" " tag="700">
            <subfield code="a">Golden, Jack</subfield>
            <subfield code="4">aut</subfield>
          </datafield>
          <datafield ind1="1" ind2=" " tag="700">
            <subfield code="a">Price, Joe D.</subfield>
            <subfield code="4">aut</subfield>
          </datafield>
          <datafield ind1="1" ind2=" " tag="700">
            <subfield code="a">Robinson, Sidney</subfield>
            <subfield code="4">aut</subfield>
          </datafield>
          <datafield ind1="1" ind2=" " tag="700">
            <subfield code="a">Saliga, Pauline</subfield>
            <subfield code="4">edt</subfield>
          </datafield>
          <datafield ind1="1" ind2=" " tag="700">
            <subfield code="a">Samuelson, Timothy</subfield>
            <subfield code="4">aut</subfield>
          </datafield>
          <datafield ind1="1" ind2=" " tag="700">
            <subfield code="a">Van Roessel, Annemarie</subfield>
            <subfield code="4">aut</subfield>
          </datafield>
          <datafield ind1="1" ind2=" " tag="700">
            <subfield code="a">Welch, Philip B.</subfield>
            <subfield code="4">aut</subfield>
          </datafield>
          <datafield ind1="1" ind2=" " tag="700">
            <subfield code="a">Woolever, Mary</subfield>
            <subfield code="4">edt</subfield>
          </datafield>
          <datafield ind1=" " ind2=" " tag="998">
            <subfield code="a">LBS01</subfield>
            <subfield code="b">sb-slucb</subfield>
          </datafield>
        </record>
      </recordData>
      <recordIdentifier>9926894570101471</recordIdentifier>
      <recordPosition>8</recordPosition>
    </record>