
    <record>
      <recordSchema>marcxml</recordSchema>
      <recordPacking>xml</recordPacking>
      <recordData>
        <record xmlns="http://www.loc.gov/MARC21/slim">
          <leader>08047nam a22009015i 4500</leader>
          <controlfield tag="001">9993124736401471</controlfield>
          <controlfield tag="005">20210423111757.0</controlfield>
          <controlfield tag="006">m|||||o||d||||||||</controlfield>
          <controlfield tag="007">cr || ||||||||</controlfield>
          <controlfield tag="008">210423t20211881gw     fo  d z      ger d</controlfield>
          <datafield ind1=" " ind2=" " tag="020">
            <subfield code="a">3-11-238814-3</subfield>
          </datafield>
          <datafield ind1="7" ind2=" " tag="024">
            <subfield code="a">10.1515/9783112388143</subfield>
            <subfield code="2">doi</subfield>
          </datafield>
          <datafield ind1=" " ind2=" " tag="035">
            <subfield code="a">(CKB)5400000000002994</subfield>
          </datafield>
          <datafield ind1=" " ind2=" " tag="035">
            <subfield code="a">(DE-B1597)559702</subfield>
          </datafield>
          <datafield ind1=" " ind2=" " tag="035">
            <subfield code="a">(DE-B1597)9783112388143</subfield>
          </datafield>
          <datafield ind1=" " ind2=" " tag="035">
            <subfield code="a">(EXLCZ)995400000000002994</subfield>
          </datafield>
          <datafield ind1=" " ind2=" " tag="040">
            <subfield code="a">DE-B1597</subfield>
            <subfield code="b">eng</subfield>
            <subfield code="c">DE-B1597</subfield>
            <subfield code="e">rda</subfield>
          </datafield>
          <datafield ind1="0" ind2=" " tag="041">
            <subfield code="a">ger</subfield>
          </datafield>
          <datafield ind1=" " ind2=" " tag="044">
            <subfield code="a">gw</subfield>
            <subfield code="c">DE</subfield>
          </datafield>
          <datafield ind1=" " ind2="7" tag="072">
            <subfield code="a">NON000000</subfield>
            <subfield code="2">bisacsh</subfield>
          </datafield>
          <datafield ind1="1" ind2=" " tag="100">
            <subfield code="a">Virchow, Rudolf,</subfield>
            <subfield code="e">author.</subfield>
            <subfield code="4">aut</subfield>
            <subfield code="4">http://id.loc.gov/vocabulary/relators/aut</subfield>
          </datafield>
          <datafield ind1="1" ind2="0" tag="245">
            <subfield code="a">Archiv für pathologische Anatomie und Physiologie und für klinische Medicin.</subfield>
            <subfield code="n">Band 86.</subfield>
          </datafield>
          <datafield ind1=" " ind2=" " tag="250">
            <subfield code="a">Reprint 2020</subfield>
          </datafield>
          <datafield ind1=" " ind2="1" tag="264">
            <subfield code="a">Berlin ;</subfield>
            <subfield code="a">Boston :</subfield>
            <subfield code="b">De Gruyter,</subfield>
            <subfield code="c">[2021]</subfield>
          </datafield>
          <datafield ind1=" " ind2="4" tag="264">
            <subfield code="c">©1881</subfield>
          </datafield>
          <datafield ind1=" " ind2=" " tag="300">
            <subfield code="a">1 online resource (VI, 547 p.) :</subfield>
            <subfield code="b">21 Taf.</subfield>
          </datafield>
          <datafield ind1=" " ind2=" " tag="336">
            <subfield code="a">text</subfield>
            <subfield code="b">txt</subfield>
            <subfield code="2">rdacontent</subfield>
          </datafield>
          <datafield ind1=" " ind2=" " tag="337">
            <subfield code="a">computer</subfield>
            <subfield code="b">c</subfield>
            <subfield code="2">rdamedia</subfield>
          </datafield>
          <datafield ind1=" " ind2=" " tag="338">
            <subfield code="a">online resource</subfield>
            <subfield code="b">cr</subfield>
            <subfield code="2">rdacarrier</subfield>
          </datafield>
          <datafield ind1="0" ind2=" " tag="490">
            <subfield code="a">Archiv für pathologische Anatomie und Physiologie und für klinische Medicin ;</subfield>
            <subfield code="v">Band 86</subfield>
          </datafield>
          <datafield ind1="0" ind2=" " tag="588">
            <subfield code="a">Description based on online resource; title from PDF title page (publisher's Web site, viewed 23. Apr 2021)</subfield>
          </datafield>
          <datafield ind1=" " ind2=" " tag="546">
            <subfield code="a">In German.</subfield>
          </datafield>
          <datafield ind1="0" ind2="0" tag="505">
            <subfield code="t">Frontmatter --</subfield>
            <subfield code="t">Inhalt des sechsundachtzigsten Bandes --</subfield>
            <subfield code="t">Erstes Heft (1. October) --</subfield>
            <subfield code="t">I. Anatomische Notizen. (Fortsetzung.) --</subfield>
            <subfield code="t">II. Zur Kenntniss der indirecten Kerntheilung. (Aus dem pathologisch-anatomischen Institut der Universität Heidelberg.) --</subfield>
            <subfield code="t">III. Weitere Beiträge zur Elektrolyse, insbesondere zur elektrolytischen Behandlung der Geschwülste --</subfield>
            <subfield code="t">IV. Gafiki's Verzeichniss einfacher Heilmittel --</subfield>
            <subfield code="t">V. Giebt es eine Eiterung unabhängig von niederen Organismen? Aus dem pathologischen Institut zu Breslau --</subfield>
            <subfield code="t">VI. lieber Krebsmetastasen im Magen. Casuistische Mittheilung --</subfield>
            <subfield code="t">VII. Verbreitung des Kropfes und Cretinismus im Kaukasus --</subfield>
            <subfield code="t">VIII. Kleinere Mittheilung. Zur Lage und Bewegung des Magens. (Berichtigung zu Professor H U ' s Erwiderung in der anatomischen Section des Internationalen Congresses In London.) --</subfield>
            <subfield code="t">Zweites Heft (1. November) --</subfield>
            <subfield code="t">IX. Ueber gummöse Syphilis des Gehirns und Rückenmarks, namentlich der Gehirngefässe, und über das Verhältniss dieser Erkrankungen zu den entsprechenden tuberculösen Affectionen --</subfield>
            <subfield code="t">X. Ueber die Giftwirkung von japanischem Sternanis (Illicium religiosum Sieb). --</subfield>
            <subfield code="t">XI. Erwiderung auf die „kritischen Bemerkunsen" des Herrn Dr. med. et phil. Kotelmann (dieses Archiv Bd. 84 lieft 1) zu dem Aufsatz „lieber die Lehre vom Kaiserschnitt im Thalmud" (dieses Archiv Bd. 80 Heft 3) --</subfield>
            <subfield code="t">XII. Ueber die Entstehung der Anencephalie und Spina bifida bei Vögeln und Menschen --</subfield>
            <subfield code="t">XIII. Experimentelle Untersuchung über den Zusammenhang zwischen Nierenkrankheiten und secundären Veränderungen des Circulationssystems --</subfield>
            <subfield code="t">XIV. Ein Fall von ungewöhnlicher Degeneration der menschlichen Conjunctiva --</subfield>
            <subfield code="t">XV. Heber hyaline Gefässdegeneration als Ursache einer Amblyopia saturnina. Aus dem pathologischen Institute zu München --</subfield>
            <subfield code="t">XVI. Kleinere Mittheilungen. 1. Ein faugöses Carcinom der Niere --</subfield>
            <subfield code="t">XVI. Kleinere Mittheilungen. 2. Einige Beobachtungen Aber das Längenwachstum der Nägel bei Gesanden und Nervenkranken --</subfield>
            <subfield code="t">XVI. Kleinere Mittheilungen. 3. Erwiderung auf Prof. Lesshaft's Bemerkaugen zur Lage und Bewegung des Magens --</subfield>
            <subfield code="t">XVI. Kleinere Mittheilungen. 4. Ueber einen Ast des N. radialis. Historische Bemerkung --</subfield>
            <subfield code="t">Berichtigung --</subfield>
            <subfield code="t">XVIII. Beiträge zur Lehre vom Herpes zoster --</subfield>
            <subfield code="t">XIX. Ueber die Beteiligung der Milz und des Knochenmarks an der Bildung rother Blutkörperchen bei Vögeln --</subfield>
            <subfield code="t">XX. Neuropatliologische Beobachtungen --</subfield>
            <subfield code="t">XXI. Durst und Polydipsie --</subfield>
            <subfield code="t">XXII. Ueber die von Brustwirbelcaries ausgehende Oesophagusperforation und ihre Erkennung --</subfield>
            <subfield code="t">XXIII. Versuche Ober die physiologische Wirkung des Chinolins --</subfield>
            <subfield code="t">XXIV. Ueber das Verhalten der Wanderzellen im geschichteten Plattenepithel --</subfield>
            <subfield code="t">XXV. Anatomische Notizen. (Fortsetzung.) No. 1 — VI (CLXXXI — CLXXXVI) --</subfield>
            <subfield code="t">XXVI. Untersuchungen über die Ernährung der Hornhaut. Vortrag, gehalten auf der Conferenz der Medicloischen Akademie in Petersburg, den 25. April/7. Mai 1881 --</subfield>
            <subfield code="t">XXVII. Kleinere Mittheilungen. 1. Folgen der Kranzarterienverschliessnug für das Herz. Berichtigung und Abwehr --</subfield>
            <subfield code="t">XXVII. Kleinere Mittheilungen. 2. Ausländische Preisertheilungen an deutsche Aerzte und Naturforscher --</subfield>
            <subfield code="t">XXVII. Kleinere Mittheilungen. 3. Danksagung --</subfield>
            <subfield code="t">Berichtigungen</subfield>
          </datafield>
          <datafield ind1=" " ind2=" " tag="776">
            <subfield code="z">3-11-238813-5</subfield>
          </datafield>
          <datafield ind1="1" ind2=" " tag="700">
            <subfield code="a">Baumgarten, Paul,</subfield>
            <subfield code="e">contributor.</subfield>
            <subfield code="4">ctb</subfield>
            <subfield code="4">https://id.loc.gov/vocabulary/relators/ctb</subfield>
          </datafield>
          <datafield ind1="1" ind2=" " tag="700">
            <subfield code="a">Bernhardt, Martin,</subfield>
            <subfield code="e">contributor.</subfield>
            <subfield code="4">ctb</subfield>
            <subfield code="4">https://id.loc.gov/vocabulary/relators/ctb</subfield>
          </datafield>
          <datafield ind1="1" ind2=" " tag="700">
            <subfield code="a">Biach, Alois,</subfield>
            <subfield code="e">contributor.</subfield>
            <subfield code="4">ctb</subfield>
            <subfield code="4">https://id.loc.gov/vocabulary/relators/ctb</subfield>
          </datafield>
          <datafield ind1="1" ind2=" " tag="700">
            <subfield code="a">Colles, Christopher J.,</subfield>
            <subfield code="e">contributor.</subfield>
            <subfield code="4">ctb</subfield>
            <subfield code="4">https://id.loc.gov/vocabulary/relators/ctb</subfield>
          </datafield>
          <datafield ind1="1" ind2=" " tag="700">
            <subfield code="a">Denissenko, Gabriel,</subfield>
            <subfield code="e">contributor.</subfield>
            <subfield code="4">ctb</subfield>
            <subfield code="4">https://id.loc.gov/vocabulary/relators/ctb</subfield>
          </datafield>
          <datafield ind1="1" ind2=" " tag="700">
            <subfield code="a">Friedreich, N.,</subfield>
            <subfield code="e">contributor.</subfield>
            <subfield code="4">ctb</subfield>
            <subfield code="4">https://id.loc.gov/vocabulary/relators/ctb</subfield>
          </datafield>
          <datafield ind1="1" ind2=" " tag="700">
            <subfield code="a">Grawitz, Paul,</subfield>
            <subfield code="e">contributor.</subfield>
            <subfield code="4">ctb</subfield>
            <subfield code="4">https://id.loc.gov/vocabulary/relators/ctb</subfield>
          </datafield>
          <datafield ind1="1" ind2=" " tag="700">
            <subfield code="a">Gruber, Wenzel,</subfield>
            <subfield code="e">contributor.</subfield>
            <subfield code="4">ctb</subfield>
            <subfield code="4">https://id.loc.gov/vocabulary/relators/ctb</subfield>
          </datafield>
          <datafield ind1="1" ind2=" " tag="700">
            <subfield code="a">His, Wilhelm,</subfield>
            <subfield code="e">contributor.</subfield>
            <subfield code="4">ctb</subfield>
            <subfield code="4">https://id.loc.gov/vocabulary/relators/ctb</subfield>
          </datafield>
          <datafield ind1="1" ind2=" " tag="700">
            <subfield code="a">Israel, Oscar,</subfield>
            <subfield code="e">contributor.</subfield>
            <subfield code="4">ctb</subfield>
            <subfield code="4">https://id.loc.gov/vocabulary/relators/ctb</subfield>
          </datafield>
          <datafield ind1="1" ind2=" " tag="700">
            <subfield code="a">Korn, Theodor,</subfield>
            <subfield code="e">contributor.</subfield>
            <subfield code="4">ctb</subfield>
            <subfield code="4">https://id.loc.gov/vocabulary/relators/ctb</subfield>
          </datafield>
          <datafield ind1="1" ind2=" " tag="700">
            <subfield code="a">Krause, W.,</subfield>
            <subfield code="e">contributor.</subfield>
            <subfield code="4">ctb</subfield>
            <subfield code="4">https://id.loc.gov/vocabulary/relators/ctb</subfield>
          </datafield>
          <datafield ind1="1" ind2=" " tag="700">
            <subfield code="a">Langgaard, A.,</subfield>
            <subfield code="e">contributor.</subfield>
            <subfield code="4">ctb</subfield>
            <subfield code="4">https://id.loc.gov/vocabulary/relators/ctb</subfield>
          </datafield>
          <datafield ind1="1" ind2=" " tag="700">
            <subfield code="a">Lebedeff, A.,</subfield>
            <subfield code="e">contributor.</subfield>
            <subfield code="4">ctb</subfield>
            <subfield code="4">https://id.loc.gov/vocabulary/relators/ctb</subfield>
          </datafield>
          <datafield ind1="1" ind2=" " tag="700">
            <subfield code="a">Lesser, E.,</subfield>
            <subfield code="e">contributor.</subfield>
            <subfield code="4">ctb</subfield>
            <subfield code="4">https://id.loc.gov/vocabulary/relators/ctb</subfield>
          </datafield>
          <datafield ind1="1" ind2=" " tag="700">
            <subfield code="a">Lesshaft, P.,</subfield>
            <subfield code="e">contributor.</subfield>
            <subfield code="4">ctb</subfield>
            <subfield code="4">https://id.loc.gov/vocabulary/relators/ctb</subfield>
          </datafield>
          <datafield ind1="1" ind2=" " tag="700">
            <subfield code="a">Loimann, Gustav,</subfield>
            <subfield code="e">contributor.</subfield>
            <subfield code="4">ctb</subfield>
            <subfield code="4">https://id.loc.gov/vocabulary/relators/ctb</subfield>
          </datafield>
          <datafield ind1="1" ind2=" " tag="700">
            <subfield code="a">Martin, W. A.,</subfield>
            <subfield code="e">contributor.</subfield>
            <subfield code="4">ctb</subfield>
            <subfield code="4">https://id.loc.gov/vocabulary/relators/ctb</subfield>
          </datafield>
          <datafield ind1="1" ind2=" " tag="700">
            <subfield code="a">Neftel, W. B.,</subfield>
            <subfield code="e">contributor.</subfield>
            <subfield code="4">ctb</subfield>
            <subfield code="4">https://id.loc.gov/vocabulary/relators/ctb</subfield>
          </datafield>
          <datafield ind1="1" ind2=" " tag="700">
            <subfield code="a">Nothnagel, H.,</subfield>
            <subfield code="e">contributor.</subfield>
            <subfield code="4">ctb</subfield>
            <subfield code="4">https://id.loc.gov/vocabulary/relators/ctb</subfield>
          </datafield>
          <datafield ind1="1" ind2=" " tag="700">
            <subfield code="a">Penzoldt, F.,</subfield>
            <subfield code="e">contributor.</subfield>
            <subfield code="4">ctb</subfield>
            <subfield code="4">https://id.loc.gov/vocabulary/relators/ctb</subfield>
          </datafield>
          <datafield ind1="1" ind2=" " tag="700">
            <subfield code="a">Rawitzki, M.,</subfield>
            <subfield code="e">contributor.</subfield>
            <subfield code="4">ctb</subfield>
            <subfield code="4">https://id.loc.gov/vocabulary/relators/ctb</subfield>
          </datafield>
          <datafield ind1="1" ind2=" " tag="700">
            <subfield code="a">Samuelson, B.,</subfield>
            <subfield code="e">contributor.</subfield>
            <subfield code="4">ctb</subfield>
            <subfield code="4">https://id.loc.gov/vocabulary/relators/ctb</subfield>
          </datafield>
          <datafield ind1="1" ind2=" " tag="700">
            <subfield code="a">Seidlitz, N. V.,</subfield>
            <subfield code="e">contributor.</subfield>
            <subfield code="4">ctb</subfield>
            <subfield code="4">https://id.loc.gov/vocabulary/relators/ctb</subfield>
          </datafield>
          <datafield ind1="1" ind2=" " tag="700">
            <subfield code="a">Steinschneider, M.,</subfield>
            <subfield code="e">contributor.</subfield>
            <subfield code="4">ctb</subfield>
            <subfield code="4">https://id.loc.gov/vocabulary/relators/ctb</subfield>
          </datafield>
          <datafield ind1="1" ind2=" " tag="700">
            <subfield code="a">Stricker, Wilh.,</subfield>
            <subfield code="e">contributor.</subfield>
            <subfield code="4">ctb</subfield>
            <subfield code="4">https://id.loc.gov/vocabulary/relators/ctb</subfield>
          </datafield>
          <datafield ind1="1" ind2=" " tag="700">
            <subfield code="a">Uhtboff, W.,</subfield>
            <subfield code="e">contributor.</subfield>
            <subfield code="4">ctb</subfield>
            <subfield code="4">https://id.loc.gov/vocabulary/relators/ctb</subfield>
          </datafield>
          <datafield ind1="1" ind2=" " tag="700">
            <subfield code="a">Uskoff, N.,</subfield>
            <subfield code="e">contributor.</subfield>
            <subfield code="4">ctb</subfield>
            <subfield code="4">https://id.loc.gov/vocabulary/relators/ctb</subfield>
          </datafield>
          <datafield ind1="1" ind2=" " tag="700">
            <subfield code="a">Virchow, Rud.,</subfield>
            <subfield code="e">contributor.</subfield>
            <subfield code="4">ctb</subfield>
            <subfield code="4">https://id.loc.gov/vocabulary/relators/ctb</subfield>
          </datafield>
          <datafield ind1="1" ind2=" " tag="700">
            <subfield code="a">Öller, J. N.,</subfield>
            <subfield code="e">contributor.</subfield>
            <subfield code="4">ctb</subfield>
            <subfield code="4">https://id.loc.gov/vocabulary/relators/ctb</subfield>
          </datafield>
          <datafield ind1=" " ind2=" " tag="906">
            <subfield code="a">BOOK</subfield>
          </datafield>
        </record>
      </recordData>
      <recordIdentifier>9993124736401471</recordIdentifier>
      <recordPosition>9</recordPosition>
    </record>