
    <record>
      <recordSchema>marcxml</recordSchema>
      <recordPacking>xml</recordPacking>
      <recordData>
        <record xmlns="http://www.loc.gov/MARC21/slim">
          <leader>00898nam a2200265u  4500</leader>
          <controlfield tag="001">9914812740101471</controlfield>
          <controlfield tag="005">20210316080536.0</controlfield>
          <controlfield tag="008">931122s1993    xx |||| |     000|0 und c</controlfield>
          <datafield ind1=" " ind2=" " tag="020">
            <subfield code="a">91-7966-248-X</subfield>
          </datafield>
          <datafield ind1=" " ind2=" " tag="035">
            <subfield code="a">5088023</subfield>
          </datafield>
          <datafield ind1=" " ind2=" " tag="035">
            <subfield code="a">(BeLVLBS)001481274LBS01-Aleph</subfield>
          </datafield>
          <datafield ind1=" " ind2=" " tag="035">
            <subfield code="a">LOC-96133445</subfield>
          </datafield>
          <datafield ind1=" " ind2=" " tag="035">
            <subfield code="a">(OCoLC)31213982</subfield>
          </datafield>
          <datafield ind1=" " ind2=" " tag="040">
            <subfield code="a">BeLVLBS</subfield>
            <subfield code="b">Language of cataloging varies</subfield>
            <subfield code="e">rda based</subfield>
          </datafield>
          <datafield ind1="0" ind2="0" tag="245">
            <subfield code="a">Aristokrat eller förädlad bonde? Det svenska frälsets ekonomi, politik och sociala förbindelser under tiden 1523-1611</subfield>
          </datafield>
          <datafield ind1=" " ind2=" " tag="260">
            <subfield code="a">Lund</subfield>
            <subfield code="b">Lund university press</subfield>
            <subfield code="c">1993</subfield>
          </datafield>
          <datafield ind1=" " ind2=" " tag="300">
            <subfield code="a">361 p.</subfield>
          </datafield>
          <datafield ind1=" " ind2=" " tag="336">
            <subfield code="a">text</subfield>
            <subfield code="2">rdacontent</subfield>
          </datafield>
          <datafield ind1=" " ind2=" " tag="337">
            <subfield code="a">unmediated</subfield>
            <subfield code="2">rdamedia</subfield>
          </datafield>
          <datafield ind1=" " ind2=" " tag="338">
            <subfield code="a">volume</subfield>
            <subfield code="2">rdacarrier</subfield>
          </datafield>
          <datafield ind1="1" ind2=" " tag="490">
            <subfield code="a">Bibliotheca historica Lundensis</subfield>
            <subfield code="v">77</subfield>
          </datafield>
          <datafield ind1=" " ind2="0" tag="650">
            <subfield code="a">Nobility</subfield>
            <subfield code="x">History</subfield>
            <subfield code="z">Sweden</subfield>
          </datafield>
          <datafield ind1=" " ind2="0" tag="651">
            <subfield code="a">Sweden</subfield>
            <subfield code="x">History</subfield>
            <subfield code="y">1523-1654.</subfield>
          </datafield>
          <datafield ind1="1" ind2=" " tag="700">
            <subfield code="a">Samuelson, Jan</subfield>
            <subfield code="4">aut</subfield>
          </datafield>
          <datafield ind1=" " ind2=" " tag="998">
            <subfield code="a">LBS01</subfield>
            <subfield code="b">bib_200501.mrc.2.ao</subfield>
          </datafield>
        </record>
      </recordData>
      <recordIdentifier>9914812740101471</recordIdentifier>
      <recordPosition>10</recordPosition>
    </record>
  </records>
  <nextRecordPosition>11</nextRecordPosition>
  <extraResponseData xmlns:xb="http://www.exlibris.com/repository/search/xmlbeans/">
    <xb:exact>true</xb:exact>
    <xb:responseDate>2021-10-06T14:20:49+0200</xb:responseDate>
  </extraResponseData>
</searchRetrieveResponse>
